% Introduction

@misc{epsrc_about_us,
    author = {EPSRC},
    title = {About Us},
    note = {URL: \url{https://www.epsrc.ac.uk/about/} (visited on 28/07/2016)}
}

% Background

@misc{epsrc_our_portfolio,
    author = {EPSRC},
    title = {Our Portfolio},
    note = {URL: \url{https://www.epsrc.ac.uk/research/ourportfolio/} (visited on 29/07/2016)}
}

@misc{epsrc_funding_rates_1415,
    author = {EPSRC},
    title = {Research Proposal Funding Rates 2014-2015},
    note = {URL: \url{https://www.epsrc.ac.uk/newsevents/pubs/201415/} (visited on 29/07/2016)}
}

@article{newman2006modularity,
  title={Modularity and community structure in networks},
  author={Newman, Mark EJ},
  journal={Proceedings of the national academy of sciences},
  volume={103},
  number={23},
  pages={8577--8582},
  year={2006},
  publisher={National Acad Sciences}
}

% Literature Survey

@misc{wikipedia_community_structure,
    author = {Wikipedia},
    title = {Community structure},
    note = {URL: \url{https://en.wikipedia.org/wiki/Community_structure} (visited on 29/07/2016)}
}

@misc{community_detection_class,
    author = {Tang, Lei and Liu, Huan},
    title = {Community Detection and Mining in Social Media},
    note = {URL: \url{http://dmml.asu.edu/cdm/} (visited on 29/07/2016)}
}

@article{tang2010community,
  title={Community detection and mining in social media},
  author={Tang, Lei and Liu, Huan},
  journal={Synthesis Lectures on Data Mining and Knowledge Discovery},
  volume={2},
  number={1},
  pages={1--137},
  year={2010},
  publisher={Morgan \& Claypool Publishers}
}

@article{girvan2002community,
  title={Community structure in social and biological networks},
  author={Girvan, Michelle and Newman, Mark EJ},
  journal={Proceedings of the national academy of sciences},
  volume={99},
  number={12},
  pages={7821--7826},
  year={2002},
  publisher={National Acad Sciences}
}

@article{newman2004finding,
  title={Finding and evaluating community structure in networks},
  author={Newman, Mark EJ and Girvan, Michelle},
  journal={Physical review E},
  volume={69},
  number={2},
  pages={026113},
  year={2004},
  publisher={APS}
}

@article{reihanian2015topic,
  title={Topic-oriented community detection of rating-based social networks},
  author={Reihanian, Ali and Minaei-Bidgoli, Behrouz and Alizadeh, Hosein},
  journal={Journal of King Saud University-Computer and Information Sciences},
  year={2015},
  publisher={Elsevier}
}

@article{zhao2012topic,
  title={Topic oriented community detection through social objects and link analysis in social networks},
  author={Zhao, Zhongying and Feng, Shengzhong and Wang, Qiang and Huang, Joshua Zhexue and Williams, Graham J and Fan, Jianping},
  journal={Knowledge-Based Systems},
  volume={26},
  pages={164--173},
  year={2012},
  publisher={Elsevier}
}

@article{lancichinetti2009community,
  title={Community detection algorithms: a comparative analysis},
  author={Lancichinetti, Andrea and Fortunato, Santo},
  journal={Physical review E},
  volume={80},
  number={5},
  pages={056117},
  year={2009},
  publisher={APS}
}

@article{orman2011accuracy,
  title={On accuracy of community structure discovery algorithms},
  author={Orman, G{\"u}nce Keziban and Labatut, Vincent and Cherifi, Hocine},
  journal={arXiv preprint arXiv:1112.4134},
  year={2011}
}

% Topic modelling

@inproceedings{gong2015will,
  title={Who Will You@?},
  author={Gong, Yeyun and Zhang, Qi and Sun, Xuyang and Huang, Xuanjing},
  booktitle={Proceedings of the 24th ACM International on Conference on Information and Knowledge Management},
  pages={533--542},
  year={2015},
  organization={ACM}
}

@article{sokolova2016topic,
  title={Topic Modelling and Event Identification from Twitter Textual Data},
  author={Sokolova, Marina and Huang, Kanyi and Matwin, Stan and Ramisch, Joshua and Sazonova, Vera and Black, Renee and Orwa, Chris and Ochieng, Sidney and Sambuli, Nanjira},
  journal={arXiv preprint arXiv:1608.02519},
  year={2016}
}

% Document clustering

@article{wang2016world,
  title={World Knowledge as Indirect Supervision for Document Clustering},
  author={Wang, Chenguang and Song, Yangqiu and Roth, Dan and Zhang, Ming and Han, Jiawei},
  journal={arXiv preprint arXiv:1608.00104},
  year={2016}
}

@article{tripodi2016document,
  title={Document Clustering Games in Static and Dynamic Scenarios},
  author={Tripodi, Rocco and Pelillo, Marcello},
  journal={arXiv preprint arXiv:1607.02436},
  year={2016}
}

% Document classification

@article{sarkar2015novel,
  title={A Novel Approach to Document Classification using WordNet},
  author={Sarkar, Koushiki and Law, Ritwika},
  journal={arXiv preprint arXiv:1510.02755},
  year={2015}
}

@article{csurka2016document,
  title={Document image classification, with a specific view on applications of patent images},
  author={Csurka, Gabriela},
  journal={arXiv preprint arXiv:1601.03295},
  year={2016}
}

% Network Analysis

@article{kasai2016network,
  title={Network Volume Anomaly Detection and Identification in Large-scale Networks based on Online Time-structured Traffic Tensor Tracking},
  author={Kasai, Hiroyuki and Kellerer, Wolfgang and Kleinsteuber, Martin},
  journal={},
  year={2016},
  publisher={IEEE}
}

@article{kitzie2015criming,
  title={\#Criming and \#Alive: Network and content analysis of two sides of a story on twitter},
  author={Kitzie, Vanessa and Ghosh, Debanjan},
  journal={Proceedings of the Association for Information Science and Technology},
  volume={52},
  number={1},
  pages={1--10},
  year={2015},
  publisher={Wiley Online Library}
}

@misc{acm_digital_library,
    author = {ACM},
    title = {ACM Digital Library},
    note = {http://dl.acm.org/}
}

@misc{google_ngram_viewer,
    author = {Google},
    title = {Google Books Ngram Viewer},
    note = {URL: \url{https://books.google.com/ngrams} (visited on 08/09/2016)}
}

% Methodology > Tools

@misc{jetbrains_pycharm,
    author = {JetBrains},
    title = {PyCharm},
    note = {URL: \url{https://www.jetbrains.com/pycharm/} (visited on 30/07/2016)}
}

@misc{microsoft_excel,
    author = {Microsoft},
    title = {Excel},
    note = {URL: \url{http://office.microsoft.com/en-us/excel} (visited on 30/07/2016)}
}

@article{csardi2006igraph,
  title={The igraph software package for complex network research},
  author={Csardi, Gabor and Nepusz, Tamas},
  journal={InterJournal, Complex Systems},
  volume={1695},
  number={5},
  pages={1--9},
  year={2006}
}

@misc{networkx,
    author = {Hagberg, A and Schult, D and Swart, P},
    title = {NetworkX},
    note = {URL: \url{https://networkx.github.io/index.html} (visited on 30/07/2016)}
}

@misc{stanford_snap,
    author = {Stanford University},
    title = {Stanford SNAP},
    note = {URL: \url{http://snap.stanford.edu/} (visited on 30/07/2016)}
}

@article{bastian2009gephi,
  title={Gephi: an open source software for exploring and manipulating networks.},
  author={Bastian, Mathieu and Heymann, Sebastien and Jacomy, Mathieu and others},
  journal={ICWSM},
  volume={8},
  pages={361--362},
  year={2009}
}

@misc{pygraphistry,
    author = {Graphistry},
    title = {PyGraphistry},
    note = {URL: \url{https://github.com/graphistry/pygraphistry} (visited on 30/07/2016)}
}

@misc{wordle,
    author = {Jonathan Feinberg},
    title = {Wordle},
    note = {URL: \url{http://www.wordle.net/} (visited on 30/07/2016)}
}

@misc{adobe_photoshop,
    author = {Adobe},
    title = {Photoshop},
    note = {URL: \url{http://adobe.com/photoshop} (visited on 30/07/2016)}
}

% Methodology > Algorithms

@article{blondel2008fast,
  title={Fast unfolding of communities in large networks},
  author={Blondel, Vincent D and Guillaume, Jean-Loup and Lambiotte, Renaud and Lefebvre, Etienne},
  journal={Journal of statistical mechanics: theory and experiment},
  volume={2008},
  number={10},
  pages={P10008},
  year={2008},
  publisher={IOP Publishing}
}

@article{newman2004fast,
  title={Fast algorithm for detecting community structure in networks},
  author={Newman, Mark EJ},
  journal={Physical review E},
  volume={69},
  number={6},
  pages={066133},
  year={2004},
  publisher={APS}
}

@article{reichardt2006statistical,
  title={Statistical mechanics of community detection},
  author={Reichardt, J{\"o}rg and Bornholdt, Stefan},
  journal={Physical Review E},
  volume={74},
  number={1},
  pages={016110},
  year={2006},
  publisher={APS}
}